<?xml version="1.0" encoding="UTF-8"?><collection xmlns="http://www.loc.gov/MARC21/slim"><record><leader>00435nam--2200133-i-4500</leader><controlfield tag="001">000029402</controlfield><controlfield tag="002">20161230</controlfield><controlfield tag="005">20161230201037</controlfield><controlfield tag="008">060222s1000------------r-----000-0-eng-d</controlfield><datafield ind1=" " ind2=" " tag="080"><subfield code="a">015:550.83</subfield></datafield><datafield ind1=" " ind2=" " tag="100"><subfield code="a">Leymarie, Pierre</subfield></datafield><datafield ind1=" " ind2=" " tag="245"><subfield code="a">Contribution aux methodes d`acquisition, de representation et de traitement de l`information en geologie. /these</subfield></datafield><datafield ind1=" " ind2=" " tag="260"><subfield code="a">Nancy, Faculte Des Sciences De L`Univ.De Nancy, 1969, 169p</subfield></datafield><datafield ind1=" " ind2=" " tag="852"><subfield code="a">38195</subfield></datafield></record></collection>